%% This BibTeX bibliography file was created using BibDesk.
%% https://bibdesk.sourceforge.io/

%% Created for Jos√© Pliego at 2021-03-24 20:06:52 -0600 


%% Saved with string encoding Unicode (UTF-8) 



@book{dagpunar,
	author = {J. S. Dagpunar},
	date-added = {2020-09-18 17:51:01 -0500},
	date-modified = {2020-09-18 17:51:51 -0500},
	publisher = {John Wiley \& Sons, LTD},
	title = {Simulation and Monte Carlo},
	year = {2007}}

@manual{bgphazard,
	author = {L. E. Nieto-Barajas and J. A. Garcia Bueno and E. A. Morones Ishikawa and J. Pliego San Martin},
	note = {R package version 2.0.999},
	title = {BGPhazard: Markov Beta and Gamma Processes for Modeling Hazard Rates},
	url = {https://CRAN.R-project.org/package=BGPhazard},
	year = {2020},
	Bdsk-Url-1 = {https://CRAN.R-project.org/package=BGPhazard}}

@book{mendoza,
	author = {M. Mendoza and P. Regueiro},
	date-added = {2020-09-09 18:53:50 -0500},
	date-modified = {2020-09-09 18:54:59 -0500},
	publisher = {Departamento de Estad{\'\i}stica ITAM},
	title = {Estad{\'\i}stica Bayesiana},
	year = {2011}}

@book{hume,
	author = {D. Hume},
	date-added = {2020-09-07 19:55:28 -0500},
	date-modified = {2020-09-07 19:56:01 -0500},
	publisher = {Alianza Editorial},
	title = {Investigaci{\'o}n sobre el conocimiento humano},
	year = {1980}}

@book{survival-book,
	address = {New York},
	author = {T. M. Therneau and P. M. Grambsch},
	isbn = {0-387-98784-3},
	publisher = {Springer},
	title = {Modeling Survival Data: Extending the {C}ox Model},
	year = {2000}}

@manual{r,
	address = {Vienna, Austria},
	author = {{R Core Team}},
	organization = {R Foundation for Statistical Computing},
	title = {R: A Language and Environment for Statistical Computing},
	url = {https://www.R-project.org/},
	year = {2020},
	Bdsk-Url-1 = {https://www.R-project.org/}}

@manual{purrr,
	author = {L. Henry and H. Wickham},
	note = {R package version 0.3.4},
	title = {purrr: Functional Programming Tools},
	url = {https://CRAN.R-project.org/package=purrr},
	year = {2020},
	Bdsk-Url-1 = {https://CRAN.R-project.org/package=purrr}}

@book{ggplot,
	author = {H. Wickham},
	isbn = {978-3-319-24277-4},
	publisher = {Springer-Verlag New York},
	title = {ggplot2: Elegant Graphics for Data Analysis},
	url = {https://ggplot2.tidyverse.org},
	year = {2016},
	Bdsk-Url-1 = {https://ggplot2.tidyverse.org}}

@book{rfordatascience,
	author = {H. Wickham and G. Grolemund},
	publisher = {O'Reilly},
	title = {R for Data Science},
	url = {https://r4ds.had.co.nz},
	year = {2016},
	Bdsk-Url-1 = {https://r4ds.had.co.nz}}

@book{rpackages,
	author = {H. Wickham and J. Bryan},
	publisher = {O'Reilly},
	title = {R Packages},
	url = {https://r-pkgs.org},
	year = {2015},
	Bdsk-Url-1 = {https://r-pkgs.org}}

@article{kidney,
	author = {C. A. McGilchrist and C. W. Aisbett},
	date-added = {2020-07-19 15:39:04 -0500},
	date-modified = {2020-07-19 15:40:06 -0500},
	journal = {Biometrics},
	number = {2},
	pages = {461-466},
	title = {Regression with Frailty in Survival Analysis},
	volume = {47},
	year = {1991}}

@book{advanced_r,
	author = {H. Wickham},
	date-added = {2020-07-12 14:46:43 -0500},
	date-modified = {2020-07-12 14:47:17 -0500},
	edition = {2},
	publisher = {CRC Press},
	title = {Advanced R},
	url = {https://adv-r.hadley.nz},
	year = {2019},
	Bdsk-Url-1 = {https://adv-r.hadley.nz}}

@book{copula_modeling,
	author = {M. Hofert and I. Kojadinovic and M. M{\"a}chler and J. Yan},
	date-added = {2020-07-08 20:30:16 -0500},
	date-modified = {2020-07-08 20:45:30 -0500},
	publisher = {Springer},
	series = {Use R!},
	title = {Elements of Copula Modeling with R},
	year = {2018}}

@misc{neal,
	archiveprefix = {arXiv},
	author = {R. M. Neal},
	date-modified = {2021-03-24 20:06:48 -0600},
	eprint = {1206.1901},
	primaryclass = {stat.CO},
	title = {{MCMC} using Hamiltonian dynamics},
	year = {2012}}

@article{stan,
	author = {B. Carpenter and A. Gelman and M. D. Hoffman and D. Lee and B. Goodrich and M. Betancourt and M. Brubaker and J. Guo and P. Li and A. Riddell},
	date-added = {2020-07-07 22:25:42 -0500},
	date-modified = {2020-07-07 22:27:28 -0500},
	journal = {Journal of Statistical Software},
	number = {1},
	title = {Stan: A Probabilistic Programming Language},
	volume = {76},
	year = {2017}}

@misc{betancourt,
	archiveprefix = {arXiv},
	author = {M. Betancourt},
	eprint = {1701.02434},
	primaryclass = {stat.ME},
	title = {A Conceptual Introduction to {Hamiltonian} {Monte} {Carlo}},
	year = {2017}}

@article{coda,
	author = {M. Plummer and N. Best and K. Cowles and K. Vines},
	date-added = {2020-07-07 21:36:54 -0500},
	date-modified = {2020-07-07 21:38:58 -0500},
	journal = {R News. The Newsletter of the R Project},
	month = {Marzo},
	number = {1},
	pages = {7-11},
	title = {CODA: Convergence Diagnosis and Output Analysis for {MCMC}},
	volume = {6},
	year = {2006}}

@book{kruschke,
	author = {J. K. Kruschke},
	date-added = {2020-07-07 20:29:20 -0500},
	date-modified = {2020-07-07 20:31:20 -0500},
	edition = {2},
	publisher = {Academic Press},
	title = {Doing Bayesian Data Analysis},
	year = {2015}}

@book{bertsch,
	author = {S. B. Mcgrayne},
	date-added = {2020-07-06 19:11:52 -0500},
	date-modified = {2020-07-06 19:14:56 -0500},
	publisher = {Yale University Press},
	title = {The theory that would not die: how Bayes' rule cracked the enigma code, hunted down Russian submarines, and emerged triumphant from two centuries of controversy},
	year = {2011}}

@article{gelfand_smith,
	author = {A. E. Gelfand and A. F. M. Smith},
	date-added = {2020-07-05 14:49:41 -0500},
	date-modified = {2020-07-05 14:50:55 -0500},
	journal = {Journal of the American Statistical Association},
	month = {Junio},
	number = {410},
	pages = {398-409},
	title = {Sampling-Based Approaches to Calculating Marginal Densities},
	volume = {85},
	year = {1990}}

@article{geman,
	author = {S. Geman and D. Geman},
	date-added = {2020-07-05 14:43:33 -0500},
	date-modified = {2020-07-05 14:45:27 -0500},
	journal = {IEEE Transactions on Pattern Analysis and Machine Intelligence},
	number = {6},
	pages = {721-741},
	title = {Stochastic Relaxation, {Gibbs} Distributions, and the Bayesian Restoration of Images},
	volume = {6},
	year = {1984}}

@article{chib_mh,
	author = {S. Chib and E. Greenberg},
	date-added = {2020-07-05 13:41:24 -0500},
	date-modified = {2020-07-05 13:42:22 -0500},
	journal = {The American Statistician},
	number = {4},
	pages = {327-335},
	title = {Understanding the {Metropolis}-{Hastings} Algorithm},
	volume = {49},
	year = {1995}}

@article{casella_gs,
	author = {G. Casella and E. I. George},
	date-added = {2020-07-04 16:57:25 -0500},
	date-modified = {2020-07-04 16:59:05 -0500},
	journal = {The American Statistician},
	number = {3},
	pages = {167-174},
	title = {Explaining the {Gibbs} Sampler},
	volume = {46},
	year = {1992}}

@book{burden,
	author = {R. L. Burden and J. D. Faires},
	date-added = {2020-07-04 15:17:37 -0500},
	date-modified = {2020-07-04 15:19:59 -0500},
	edition = {9},
	publisher = {Brooks/Cole Cengage Learning},
	title = {Numerical Analysis},
	year = {2011}}

@book{bernardo,
	author = {J. M. Bernardo and A. F. M. Smith},
	date-added = {2020-06-28 14:00:23 -0500},
	date-modified = {2020-06-28 14:02:13 -0500},
	publisher = {John Wiley \& Sons, LTD},
	series = {Wiley Series in Probability and Statistics},
	title = {Bayesian Theory},
	year = {2000}}

@book{moore,
	author = {D. F. Moore},
	date-added = {2020-06-23 21:15:26 -0500},
	date-modified = {2020-06-23 21:16:31 -0500},
	publisher = {Springer},
	series = {Use R!},
	title = {Applied Survival Analysis Using R},
	year = {2016}}

@article{kaplan-meier,
	author = {E. L. Kaplan and P. Meier},
	date-added = {2020-06-23 20:08:53 -0500},
	date-modified = {2020-06-23 20:10:23 -0500},
	journal = {Journal of the American Statistical Association},
	month = {Junio},
	number = {282},
	pages = {457-481},
	title = {Nonparametric Estimation from Incomplete Observations},
	volume = {53},
	year = {1958}}

@book{klein,
	author = {J. P. Klein and M. L. Moeschberger},
	date-added = {2020-05-15 20:05:09 -0500},
	date-modified = {2020-05-15 20:07:04 -0500},
	edition = {2},
	publisher = {Springer},
	title = {Survival Analysis. Techniques for Censored and Truncated Data},
	year = {2003}}

@book{feller,
	author = {W. Feller},
	date-added = {2020-05-14 23:41:46 -0500},
	date-modified = {2020-05-14 23:42:50 -0500},
	edition = {3},
	publisher = {John Wiley \& Sons, Inc.},
	title = {An Introduction to Probability Theory and Its Applications},
	volume = {I},
	year = {1968}}

@article{cox,
	author = {D. R. Cox},
	date-added = {2020-05-05 23:43:50 -0500},
	date-modified = {2020-05-05 23:44:43 -0500},
	journal = {Journal of the Royal Statistical Society},
	number = {2},
	pages = {187-220},
	title = {Regression Models and Life-Tables},
	volume = {34},
	year = {1972}}

@article{doss_sampling,
	author = {H. Doss},
	date-added = {2020-05-03 20:39:06 -0500},
	date-modified = {2020-05-03 20:40:29 -0500},
	journal = {The Annals of Statistics},
	number = {4},
	pages = {1763-1786},
	title = {Bayesian Nonparametric Estimation For Incomplete Data Via Succesive Substitution Sampling},
	volume = {22},
	year = {1994}}

@article{old_nieto,
	author = {L. E. Nieto-Barajas and S. G. Walker},
	date-added = {2020-04-20 20:52:26 -0500},
	date-modified = {2020-09-16 15:18:12 -0500},
	journal = {Scandinavian Journal of Statistics},
	number = {3},
	pages = {413-424},
	title = {Markov Beta and Gamma Processes for Modelling Hazard Rates},
	volume = {29},
	year = {2002}}

@article{flanders,
	author = {H. Flanders},
	date-added = {2020-03-31 20:57:07 -0600},
	date-modified = {2020-03-31 20:58:30 -0600},
	journal = {The American Mathematical Monthly},
	month = {Junio},
	number = {6},
	pages = {615-627},
	title = {Differentiation Under the Integral Sign},
	volume = {80},
	year = {1973}}

@article{nieto,
	author = {L. E. Nieto-Barajas and S. G. Walker},
	date-added = {2020-03-21 16:53:45 -0600},
	date-modified = {2020-09-16 15:16:18 -0500},
	journal = {Computational Statistics \& Data Analysis},
	pages = {6102-6113},
	title = {A Bayesian semi-parametric bivariate failure time model},
	volume = {51},
	year = {2007}}

@book{ross,
	author = {S. M. Ross},
	date-added = {2020-03-09 19:51:48 -0600},
	date-modified = {2020-03-09 19:52:26 -0600},
	edition = {2},
	publisher = {John Wiley \& Sons, Inc.},
	title = {Stochastic Processes},
	year = {1996}}

@book{bartle,
	author = {R. G. Bartle},
	date-added = {2020-03-02 21:06:55 -0600},
	date-modified = {2020-03-02 21:07:55 -0600},
	publisher = {John Wiley \& Sons, Inc.},
	title = {The Elements of Real Analysis},
	year = {1964}}

@book{rudin,
	author = {W. Rudin},
	date-added = {2020-03-02 21:04:27 -0600},
	date-modified = {2020-03-02 21:06:10 -0600},
	edition = {3},
	publisher = {McGraw-Hill, Inc.},
	title = {Principles of Mathematical Analysis},
	year = {1976}}

@book{nelsen,
	author = {R. B. Nelsen},
	date-added = {2020-02-26 17:49:01 -0600},
	date-modified = {2020-02-26 17:50:33 -0600},
	publisher = {Springer},
	series = {Lecture Notes in Statistics},
	title = {An Introduction to Copulas},
	year = {1999}}

@book{gelman,
	author = {A. Gelman and J. B. Carlin and H. S. Stern and D. B. Dunson and A. Vehtari and D. B. Rubin},
	date-added = {2020-02-21 14:42:57 -0600},
	date-modified = {2020-02-21 14:45:53 -0600},
	edition = {3},
	publisher = {CRC Press},
	series = {Texts in Statistical Science},
	title = {Bayesian Data Analysis},
	year = {2013}}

@book{casella,
	author = {C. P. Robert and G. Casella},
	date-added = {2020-02-18 19:25:48 -0600},
	date-modified = {2020-02-18 19:28:42 -0600},
	publisher = {Springer},
	series = {Use R!},
	title = {Introducing Monte Carlo Methods with R},
	year = {2010}}

@book{albert,
	author = {J. Albert},
	date-added = {2020-02-18 19:23:09 -0600},
	date-modified = {2020-02-18 19:25:05 -0600},
	edition = {2},
	publisher = {Springer},
	series = {Use R!},
	title = {Bayesian Computation with R},
	year = {2009}}
